@inproceedings{Agarwal:2008,
 author = {Agarwal, Ravikant and Umphress, David},
 title = {Extreme Programming for a Single Person Team},
 booktitle = {Proceedings of the 46th Annual Southeast Regional Conference on XX},
 series = {ACM-SE 46},
 year = {2008},
 isbn = {978-1-60558-105-7},
 location = {Auburn, Alabama},
 pages = {82--87},
 numpages = {6},
 url = {http://doi.acm.org/10.1145/1593105.1593127},
 doi = {10.1145/1593105.1593127},
 acmid = {1593127},
 publisher = {ACM},
 address = {New York, NY, USA},
 keywords = {extreme programming, personal extreme programming, personal software process, process script, software process},
}

@ARTICLE{Maurer:2002,
author={F. Maurer and S. Martel},
journal={IEEE Internet Computing},
title={Extreme programming. Rapid development for Web-based applications},
year={2002},
volume={6},
number={1},
pages={86-90},
keywords={Internet;distributed programming;software engineering;Web-based applications;extreme programming;rapid development;software development;Application software;Computer crime;Customer satisfaction;Documentation;Productivity;Programming;Size measurement;Software design;Software maintenance;Software quality},
doi={10.1109/4236.989006},
ISSN={1089-7801},
month={Jan},}

@ARTICLE{Ebert:2014,
author={C. Ebert and H. Soubra},
journal={IEEE Software},
title={Functional Size Estimation Technologies for Software Maintenance},
year={2014},
volume={31},
number={6},
pages={24-29},
keywords={project management;software cost estimation;software development management;software maintenance;software quality;COSMIC;Common Software Measurement International Consortium;defects estimation;effort estimates;functional software size estimation technologies;maintenance projects;objective estimation models;project duration;project effort;quality;service cost predictions;software development productivity ratios;software maintenance;software models;software product measurement;software projects;Estimation;Maintenance engineering;Productivity;Project management;Size measurement;Software measurement;Software reliability;benchmark;measurement;metric;software engineering;standards},
doi={10.1109/MS.2014.138},
ISSN={0740-7459},
month={Nov},}

@ARTICLE{Marcos:2015,
author={M. de Freitas Junior and M. Fantinato and V. Sun},
journal={IEEE Transactions on Engineering Management},
title={Improvements to the Function Point Analysis Method: A Systematic Literature Review},
year={2015},
volume={62},
number={4},
pages={495-506},
keywords={government;organisational aspects;reviews;search engines;software cost estimation;software metrics;FPA improvements;SLR;function point analysis method;government;international organization;software functional size;software metrics;standardized method;systematic literature review;time 13 year;Accuracy;Artificial intelligence;Complexity theory;ISO Standards;Software;Software measurement;Accuracy improvement;function point analysis (FPA);systematic literature review (SLR)},
doi={10.1109/TEM.2015.2453354},
ISSN={0018-9391},
month={Nov},}

@BOOK{Fowler:1999,
  author    = {M. Fowler},
  title     = {Refactoring: Improving the Design of Existing Code},
  publisher = {Addison Wesley Longman},
  year      = 1999,
  address   = {Reading, Mass},
}

@BOOK{Beck:2004,
  author    = {Kent Beck},
  title     = {Extreme Programming Explained: Embrace Change},
  publisher = {Addison Wesley Longman},
  year      = 2004,
  edition   = 2,
}

@ARTICLE{Beck:1999,
author={K. Beck},
journal={Computer},
title={Embracing change with extreme programming},
year={1999},
volume={32},
number={10},
pages={70-77},
keywords={software engineering;cost;extreme programming;planning;software engineering;Anatomy;Costs;Programming profession;Relational databases;Software engineering;Software measurement;Software testing;Time measurement;Timing;Velocity measurement},
doi={10.1109/2.796139},
ISSN={0018-9162},
month={Oct},
}

@MISC{Process,
  author  = {Expertiza},
  title   = {XP Workflow},
  year    = {2016},
  url     = {http://wiki.expertiza.ncsu.edu/images/5/5b/Extreme.jpg},
}
